@inproceedings{COW16b:LICS16,
  author    = {V. Chonev and
               J. Ouaknine and
               J. Worrell},
  title     = {On Recurrent Reachability for Continuous Linear Dynamical Systems},
  booktitle = {{LICS}},
  pages     = {515--524},
  publisher = {{ACM}},
  year      = {2016},
}

@article{Markov1947,
  author    = {A. Markov},
  title     = {On certain insoluble problems concerning matrices},
  journal   = {Proceedings of the USSR Academy of Sciences},
  volume    = {57},
  number    = {6},
  year      = {1947},
  pages     = {539--542},
}

@inproceedings{ContinuousSkolem3,
  author    = {V. Chonev and
               J. Ouaknine and
               J. Worrell},
  title     = {On the {S}kolem Problem for Continuous Linear Dynamical Systems},
  booktitle = {{ICALP}},
  volume    = {55},
  pages     = {100:1--100:13},
  year      = {2016},
}

@inproceedings{ChenFM12,
  author    = {H. Y. Chen and
               S. Flur and
               S. Mukhopadhyay},
  title     = {Termination Proofs for Linear Simple Loops},
  booktitle = {SAS},
  year      = {2012},
  pages     = {422--438},
  publisher = {Springer},
  series    = {LNCS},
  volume    = {7460},
}


@inproceedings{ColonS01,
  author    = {M. Col{\'o}n and
               H. Sipma},
  title     = {Synthesis of Linear Ranking Functions},
  booktitle = {TACAS},
  year      = {2001},
  pages     = {67--81},
  publisher = {Springer},
  series    = {LNCS},
  volume    = {2031},
}


@inproceedings{BradleyMS05,
  author    = {A. R. Bradley and
               Z. Manna and
               H.B. Sipma},
  title     = {Termination Analysis of Integer Linear Loops},
  booktitle = {CONCUR},
  year      = {2005},
  pages     = {488--502},
  publisher = {Springer},
  series    = {LNCS},
  volume    = {3653},
}

@article{BasuPR96,
  author    = {S. Basu and
               R. Pollack and
               M.-F. Roy},
  title     = {On the Combinatorial and Algebraic Complexity of Quantifier
               Elimination},
  journal   = {Journal of the ACM},
  volume    = {43},
  number    = {6},
  year      = {1996},
  pages     = {1002--1045},
  ee        = {http://doi.acm.org/10.1145/235809.235813},
  bibsource = {DBLP, http://dblp.uni-trier.de},
}


@inproceedings{CookPR06,
  author    = {B. Cook and
               A. Podelski and
               A. Rybalchenko},
  title     = {Termination proofs for systems code},
  booktitle = {PLDI},
  year      = {2006},
  pages     = {415--426},
  publisher = {ACM},
}

@article{BlondelT00,
  author    = {V. Blondel and
               J. Tsitsiklis},
  title     = {A survey of computational complexity results in systems
               and control},
  journal   = {Automatica},
  volume    = {36},
  number    = {9},
  year      = {2000},
  pages     = {1249--1274},
}

@article{Sch77,
  author = {H. P. Schlickewei},
  title = {The {$\mathfrak{p}$}-adic {T}hue-{S}iegel-{R}oth-{S}chmidt {T}heorem},
  journal = {Archiv der Mathematik},
  volume = {29},
  pages = {267--270},
  year = {1977},
}

@inproceedings{OW13:constructive-positivity,
    author    = {J. Ouaknine and J. Worrell},
    title     = {On the Positivity Problem for Simple Linear Recurrence Sequences},
    series    = {LNCS},
    volume    = {8573},
    pages     = {318--329},
    publisher = {Springer},
    booktitle = {ICALP},
    year      = {2014},
}

@article{Cai94,
  author    = {J.-Y. Cai},
  title     = {Computing {J}ordan Normal Forms Exactly for Commuting Matrices
               in Polynomial Time},
  journal   = {International Journal of Foundations of Computer Science},
  volume    = {5},
  number    = {3,4},
  year      = {1994},
  pages     = {293--302},
}


@inproceedings{Canny88,
 author = {J. Canny},
 title = {Some algebraic and geometric computations in {PSPACE}},
 booktitle = {STOC},
 year = {1988},
 pages = {460--467},
 publisher = {ACM},
}

@inproceedings{Hansel85,
  author    = {G. Hansel},
  title     = {A Simple Proof of the {S}kolem-{M}ahler-{L}ech Theorem},
  booktitle = {ICALP},
  year      = {1985},
  pages     = {244--249},
  publisher = {Springer},
  series    = {LNCS},
  volume    = {194},
}


@article{Evertse84,
author = {J.-H. Evertse},
journal = {Compositio Mathematica},
number = {2},
pages = {225--244},
publisher = {Noordhoff International},
title = {On sums of {$S$}-units and linear recurrences},
volume = {53},
year = {1984},
}

@article{PS82,
author = {A. J. van der Poorten and H. P. Schlickewei},
title = {The growth conditions for recurrence sequences},
journal = {Macquarie Mathematics Report},
number = {82-0041},
year = {1982},
}

@article{Liu10,
  author    = {L. Liu},
  title     = {Positivity of Three-Term Recurrence Sequences},
  journal   = {The Elecronic Journal of Combinatorics},
  volume    = {17},
  number    = {1},
  year      = {2010},
}

@inproceedings{COW13,
author = {V. Chonev and J. Ouaknine and J. Worrell},
title = {The Orbit Problem in Higher Dimensions},
booktitle = {STOC},
publisher = {ACM},
pages = {941--950},
year = {2013},
}

@Misc{Tao07,
  author = 	 {T. Tao},
  title = 	 {Open question: effective {S}kolem-{M}ahler-{L}ech theorem},
  howpublished = {\emph{Blog entry}},
  month = 	 {May},
  year = 	 2007,
}

@inproceedings{Bra06,
  author    = {M. Braverman},
  title     = {Termination of Integer Linear Programs},
  booktitle = {CAV},
  year      = {2006},
  series    = {LNCS},
  volume    = {4144},
  pages     = {372--385},
  publisher = {Springer},
}

@Article{MST84,
  author = 	 {M. Mignotte and T. Shorey and R. Tijdeman},
  title = 	 {The distance between terms of an algebraic
                  recurrence sequence},
  journal = 	 {Journal f√ºr die reine und angewandte Mathematik},
  year = 	 1984,
  volume = 	 349,
}

@Article{Ver85,
  author    = {N. K. Vereshchagin},
  title     = {The problem of appearance of a zero in a linear
               recurrence sequence},
  journal   = {Mathematical Notes},
  year      = {1985},
  volume    = {38},
  pages     = {177--189},
  number    = {2},
}

@Misc{Lip09,
  author = 	 {R. J. Lipton},
  title = 	 {Mathematical Embarrassments},
  howpublished = {\emph{Blog entry}},
  month = 	 {December},
  year = 	 2009
}

@Article{BM76,
  author    = {J. Berstel and M. Mignotte},
  title     = {Deux propri\'et\'es d\'ecidables des suites r\'ecurrentes lin\'eaires},
  journal   = {Le Bulletin de la Soci\'et\'e Math\'ematique de France},
  year      = 1976,
  volume    = 104,
  pages     = {175--184},
}

@Book{SnT,
  author = 	 {I. Stewart and D. Tall},
  title = 	 {Algebraic Number Theory and Fermat's Last Theorem},
  publisher = 	 {A K Peters},
  year = 	 2002
}

@Book{BPR06,
author = {S. Basu and R. Pollack and M.-F. Roy},
title = {Algorithms in Real Algebraic Geometry},
edition = {2nd},
year = {2006},
publisher = {Springer},
}

@TechReport{TUCS05,
  title = {Skolem's Problem -- On the Border between Decidability and
                  Undecidability},
  author = {V. Halava and T. Harju and M. Hirvensalo and J. Karhum\"aki},
  number = {683},
  series = {TUCS Technical Reports},
  institution = {Turku Centre for Computer Science},
  year = {2005},
}

@InProceedings{Sko34,
  author = 	 {T. Skolem},
  title = 	 {Ein {V}erfahren zur {B}ehandlung gewisser exponentialer {G}leichungen},
  booktitle = {Scandinavian Congress of Mathematicians},
  year = 	 1934,
  pages = {163--188},
}

@Article{Mah35,
  author = 	 {K. Mahler},
  title = 	 {Eine arithmetische {E}igenschaft der
{T}aylor {K}oeffizienten rationaler {F}unktionen},
  journal = 	 {Proceedings of the Royal Netherlands Academy of Arts and Sciences},
  year = 	 1935,
  pages = {50--60},
  volume = 	 38,
}

@Article{Lec53,
  author    = {C. Lech},
  title     = {A note on recurring series},
  journal   = {Arkiv f\"or Matematik},
  year      = {1953},
  pages     = {417--421},
  volume    = {2},
}

@article{Pan97,
author = {V. Pan},
title = {Optimal and Nearly Optimal Algorithms for Approximating Polynomial
  Zeros},
journal = {Computers {\&} Mathematics with Applications},
volume = {31},
number= {12},
pages = {97--138},
year = {1996},
}

@book{Tar51,
author = {A. Tarski},
title = {A Decision Method for Elementary Algebra and Geometry},
publisher = {University of California Press},
year = {1951},
}

@article{BGM12,
  author    = {A. M. Ben-Amram and
               S. Genaim and
               A. N. Masud},
  title     = {On the Termination of Integer Loops},
  journal   = {ACM Transactions on Programming Languages and Systems},
  volume    = {34},
  pages     = {16:1--16:24},
  number    = {4},
  year      = {2012},
}

@inproceedings{Mas88,
author = {D. W. Masser},
title = {Linear Relations on Algebraic Groups},
booktitle = {New Advances in Transcendence Theory},
publisher = {Cambridge University Press},
year = {1988},
}

@Book{BOOK,
  author = 	 {G. Everest and A. J. van der Poorten and
                  I. Shparlinski and T. Ward},
  title = 	 {Recurrence Sequences},
  publisher = 	 {American Mathematical Society},
  year = 	 2003,
}

@InCollection{Sal76,
  author = 	 {A. Salomaa},
  title = 	 {Growth Functions of {L}indenmayer Systems: Some New
                  Approaches},
  booktitle = 	 {Automata, Languages, Development},
  publisher = {North-Holland},
  year = 	 {1976},
}

@book{RS94,
author = {G. Rozenberg and A. Salomaa},
title = {Cornerstones of Undecidability},
year = {1994},
publisher = {Prentice Hall},
}

@article{HHH06,
  author    = {V. Halava and
               T. Harju and
               M. Hirvensalo},
  title     = {Positivity of second order linear recurrent sequences},
  journal   = {Discrete Applied Mathematics},
  volume    = {154},
  number    = {3},
  pages     = {447--451},
  year      = {2006},
 }

@Article{LT09,
  author = 	 {V. Laohakosol and P. Tangsupphathawat},
  title = 	 {Positivity of third order linear recurrence sequences},
  journal = 	 {Discrete Applied Mathematics},
  year = 	 2009,
  volume = 	 157,
  number = 	 15,
  pages = {3239--3248},
}

@article{AdlerB94,
  author    = {I. Adler and
               P. A. Beling},
  title     = {Polynomial Algorithms for Linear Programming over the Algebraic
               Numbers},
  journal   = {Algorithmica},
  volume    = {12},
  number    = {6},
  year      = {1994},
  pages     = {436--457},
}

@article{KhachiyanP97,
  author    = {L. Khachiyan and
               L. Porkolab},
  title     = {Integer Optimization on Convex Semialgebraic Sets},
  journal   = {Discrete Computational Geometry},
  volume    = {23},
  year      = {2000},
  pages     = {207--224},
}

@inproceedings{Ben-AmramG13,
  author    = {A.M. Ben-Amram and
               S. Genaim},
  title     = {On the linear ranking problem for integer linear-constraint
               loops},
  booktitle = {POPL},
  year      = {2013},
  pages     = {51--62},
}

@inproceedings{PodelskiR04,
  author    = {A. Podelski and
               A. Rybalchenko},
  title     = {Transition Invariants},
  booktitle = {LICS},
  year      = {2004},
  pages     = {32--41},
}

@Article{LenstraLenstraLovasz1982,
  author = {A. K. Lenstra and H. W. Lenstra Jr. and L{\'a}szlo Lov{\'a}sz},
  title = {Factoring polynomials with rational coefficients},
  journal = {Mathematische Annalen},
  year = 1982,
  volume = 261,
  pages = {515--534},
}

@inproceedings{RMM,
   author = {R. Rebiha and
             N. Matringe and
             A. V. Moura},
   title = {Generating Asymptotically Non-terminant Initial Variable Values for Linear Diagonalizable Programs.},
   booktitle = {SCSS},
   year = {2013},
   pages = {81--92},
}

@book{Alu15,
author = {R. Alur},
title = {Principles of Cyber-Physical Systems},
publisher = {MIT Press},
year = {2015},
}

@book{Baker75,
author = {A. Baker},
title = {Transcendental Number Theory},
publisher = {Cambridge University Press},
year = {1975},
}

@Book{Cohen,
  author    = {H. Cohen},
  title     = {A Course in Computational Algebraic Number Theory},
  publisher = {Springer-Verlag},
  year      = 1993
}

@Book{HTP,
  author = 	 {Y. Matiyasevich},
  title = 	 {Hilbert's 10th Problem},
  publisher = 	 {MIT Press},
  year = 	 {1993},
}

@article{Renegar,
author = {J. Renegar},
title = {On the Computational Complexity and Geometry of the
                  First-Order Theory of the Reals},
journal = {Journal of Symbolic Computation},
year = {1992},
volume = {13},
number = {3},
pages = {255--352}.
publisher = {Academic Press Ltd.},
}

@article{ABC,
  author    = {J.-Y. Cai and
               R. J. Lipton and
               Y. Zalcstein},
  title     = {The Complexity of the {A B C} Problem},
  journal   = {SIAM Journal on Computing},
  volume    = {29},
  number    = {6},
  pages     = {1878--1888},
  year      = {2000},
}

@article{MatrixLogs2,
  author    = {B. W. Helton},
  title     = {Logarithms of matrices},
  journal   = {Proceedings of the American Mathematical Society},
  volume    = {19},
  year      = {1968},
  pages     = {733--738},
}

@article{MatrixLogs1,
  author    = {W. J. Culver},
  title     = {On the Existence and Uniqueness of the Real Logarithm
                 of a Matrix},
  journal   = {Proceedings of the American Mathematical Society},
  volume    = {17},
  year      = {1966},
  pages     = {1146--1151},
}

@article{MatrixExps,
  author    = {E. Wermuth},
  title     = {Two remarks on matrix exponentials},
  journal   = {Linear Algebra and its Applications},
  volume    = {117},
  year      = {1989},
  pages     = {127--132},
}

@article{CommutingMatrices,
  title = {Two Classical Theorems on Commuting Matrices},
  author = {M. Newman},
  journal = {Journal of Research of the National Bureau of Standards},
  volume = {71 B},
  number = {2, 3},
  pages = {69--71},
  year = {1967},
}

@inproceedings{MultiplicativeMatrixEquations,
  author    = {L. Babai and
               R. Beals and
               J.{-}Y. Cai and
               G. Ivanyos and
               E. M. Luks},
  title     = {Multiplicative Equations over Commuting Matrices},
  booktitle = {{SODA}},
  pages     = {498--507},
  publisher = {{ACM/SIAM}},
  year      = {1996},
}

@article{MEHTP,
  author    = {P. Bell and
               V. Halava and
               T. Harju and
               J. Karhum{\"{a}}ki and
               I. Potapov},
  title     = {Matrix Equations and {H}ilbert's {T}enth {P}roblem},
  journal   = {International Journal of Algebra and Computation},
  volume    = {18},
  number    = {8},
  pages     = {1231--1241},
  year      = {2008},
}

@inproceedings{VRP,
  author    = {I. Potapov and
               P. Semukhin},
  title     = {Vector Reachability Problem in $\mathit{SL}(2, \mathbb{Z})$},
  booktitle = {{MFCS}},
  volume    = {58},
  pages     = {84:1--84:14},
  year      = {2016},
}

@article{Paterson,
  author    = {M. S. Paterson},
  title     = {Undecidability in $3\times 3$ matrices},
  journal   = {Journal of Mathematics and Physics},
  volume    = {49},
  number    = {1},
  pages     = {105--107},
  year      = {1970},
}


@TechReport{HalavaSurvey,
  author      = {V. Halava},
  title       = {Decidable and undecidable problems in matrix theory},
  institution = {Turku Centre for Computer Science},
  year        = {1997},
  number      = {127},
  series      = {TUCS Technical Reports},
}

@article{CK05,
  author    = {C. Choffrut and
               J. Karhum{\"{a}}ki},
  title     = {Some decision problems on integer matrices},
  journal   = {Theoretical Informatics and Applications},
  volume    = {39},
  number    = {1},
  pages     = {125--131},
  year      = {2005},
}

@book{Cassels,
 author = {J. W. S. Cassels},
 title = {An introduction to Diophantine approximation},
 publisher = {Cambridge University Press},
 year = {1965},
}

@inproceedings{HenzingerLICS,
  author    = {T. A. Henzinger},
  title     = {The Theory of Hybrid Automata},
  booktitle = {{LICS}},
  pages     = {278--292},
  publisher = {{IEEE} Computer Society},
  year      = {1996},
}

@inproceedings{HenzingerSTOC,
  author    = {T. A. Henzinger and
               P. W. Kopke and
               A. Puri and
               P. Varaiya},
  title     = {What's decidable about hybrid automata?},
  booktitle = {{STOC}},
  pages     = {373--382},
  publisher = {{ACM}},
  year      = {1995},
}

@article{ContinuousSkolem,
  author    = {P. C. Bell and
               J.{-}C. Delvenne and
               R. M. Jungers and
               V. D. Blondel},
  title     = {The continuous {S}kolem-{P}isot problem},
  journal   = {Theoretical Computer Science},
  volume    = {411},
  number    = {40--42},
  pages     = {3625--3634},
  year      = {2010},
}

@article{ContinuousOrbitIPL,
  author    = {T. Chen and
               N. Yu and
               T. Han},
  title     = {Continuous-time orbit problems are decidable in polynomial-time},
  journal   = {Information Processing Letters},
  volume    = {115},
  number    = {1},
  pages     = {11--14},
  year      = {2015},
}

@ARTICLE{BM07,
    author = {A. Bacciotti and L. Mazzi},
    title = {Stability of dynamical polysystems via families of {L}yapunov functions},
    journal = {Nonlinear Analysis},
    volume = {67},
    year = {2007},
    pages = {2167--2179},
}

@inproceedings{SDI08,
  author = {S. Sankaranarayanan and T. Dang and F. Ivancic},
  title     = {A Policy Iteration Technique for Time Elapse over Template Polyhedra},
  booktitle = {{HSCC}},
  series    = {LNCS},
  volume    = {4981},
  pages     = {654--657},
  publisher = {Springer},
  year      = {2008},
}

@article{CastelanH92,
  author    = {E. B. Castelan and
               J.-C. Hennet},
  title     = {On Invariant Polyhedra of Continuous-Time Linear Systems},
  journal   = {IEEE Transactions on Automatic Control},
  volume    = {38},
  number    = {11},
  pages     = {1680--85},
  year      = {1993},
}

@inproceedings{Hainry08,
  author    = {E. Hainry},
  title     = {Reachability in Linear Dynamical Systems},
  booktitle = {CiE},
  series    = {LNCS},
  volume    = {5028},
  pages     = {241--250},
  publisher = {Springer},
  year      = {2008},
}

@inproceedings{COW15:SODA,
  author = {V. Chonev and J. Ouaknine and J. Worrell},
  title     = {The Polyhedron-Hitting Problem},
  booktitle = {{SODA}},
  pages     = {940--956},
  publisher = {{SIAM}},
  year      = {2015},
}

@inproceedings{OuaknineW13b,
  author    = {J. Ouaknine and
               J. Worrell},
  title     = {Ultimate Positivity is Decidable for Simple Linear Recurrence Sequences},
  booktitle = {{ICALP}},
  series    = {LNCS},
  volume    = {8573},
  pages     = {330--341},
  publisher = {Springer},
  year      = {2014},
}

@inproceedings{OW14:SODA,
  author    = {J. Ouaknine and
               J. Worrell},
  title     = {Positivity Problems for Low-Order Linear Recurrence Sequences},
  booktitle = {{SODA}},
  pages     = {366--379},
  publisher = {{SIAM}},
  year      = {2014},
}

@article{BW93,
author = {A. Baker and G. W\"{u}stholz},
title = {Logarithmic forms and group varieties},
journal = {Journal f√ºr die reine und angewandte Mathematik},
pages = {19--62},
volume = 442,
year = {1993},
}

@InProceedings{Tiw04,
  author    = {A. Tiwari},
  title     = {Termination of Linear Programs},
  booktitle = {{CAV}},
  series    = {LNCS},
  volume    = {3114},
  pages     = {70--82},
  publisher = {Springer},
  year      = {2004},
}

@Article{Bell2007,
  author  = {J. P. Bell and S. Gerhold},
  title   = {On the Positivity Set of a Linear Recurrence},
  journal = {Israel Journal of Mathematics},
  year    = {2007},
  volume  = {157},
  pages   = {333--345},
}

@Article{ConstructiveKronecker1,
  author = {D. Bridges and P. Schuster},
  title = {A simple constructive proof of {K}ronecker's Density Theorem},
  journal = {Elemente der Mathematik},
  year = 2006,
  volume = 61,
  pages = {152--154},
}

@TECHREPORT{ConstructiveKronecker2,
    author = {G. Malajovich},
    title = {An effective version of {K}ronecker‚Äôs theorem on simultaneous Diophantine approximation},
    institution = {Universidade Federal do Rio de Janeiro},
    year = {1996},
}

@book{Harrison,
 author = {M. A. Harrison},
 title = {Introduction to Formal Language Theory},
 year = {1978},
 edition = {1st},
 publisher = {Addison-Wesley},
}

@article{KL86,
 author = {Kannan, R. and Lipton, R. J.},
 title = {Polynomial-time Algorithm for the Orbit Problem},
 journal = {Journal of the ACM},
 volume = {33},
 number = {4},
 year = {1986},
 pages = {808--821},
 publisher = {ACM},
}

@article{MRP,
title = "Reachability problems for {M}arkov chains ",
author = "S. Akshay and T. Antonopoulos and J. Ouaknine and J. Worrell",
journal = "Information Processing Letters ",
volume = "115",
number = "2",
pages = "155--158",
year = "2015",
}

@article{Mik66,
  author = {K. A. Mikhailova},
  title = {The occurrence problem for direct products of groups},
  journal = {Matematicheskii Sbornik},
  volume = {70},
  number = {112},
  pages = {241--251},
  year = {1966},
}

@inproceedings{PS2Z,
  author    = {I. Potapov and
               P. Semukhin},
  title     = {Decidability of the Membership Problem for $2\times 2$ integer
               matrices},
  booktitle = {{SODA}},
  pages     = {170--186},
  publisher = {{SIAM}},
  year      = {2017},
}

@article{Shannon1941,
    author = {C. Shannon},
    journal = {Journal of Mathematics and Physics},
    pages = {337--354},
    title = {{Mathematical Theory of the Differential Analyzer}},
    volume = {20},
    year = {1941},
}

@article{Bournez1,
  author    = {O. Bournez and
               M. L. Campagnolo and
               D. S. Gra{\c{c}}a and
               E. Hainry},
  title     = {Polynomial differential equations compute all real computable functions
               on computable compact intervals},
  journal   = {Journal of Complexity},
  volume    = {23},
  number    = {3},
  pages     = {317--335},
  year      = {2007},
}

@article{Bournez2,
  author    = {O. Bournez and
               D. S. Gra{\c{c}}a and
               A. Pouly},
  title     = {Computing with polynomial ordinary differential equations},
  journal   = {Journal of Complexity},
  volume    = {36},
  pages     = {106--140},
  year      = {2016},
}

@incollection{WM,
	publisher = {A K Peters},
	pages = {441--467},
	title = {On the Decidability of the Real Exponential Field},
	year = {1996},
	author = {A. Macintyre and A. J. Wilkie},
	booktitle = {Kreiseliana. About and Around Georg Kreisel},
}

@PhDthesis{VCthesis,
author = {V. Chonev},
title = {Reachability Problems for Linear Dynamical Systems},
year = {2015},
school = {University of Oxford},
}

@inproceedings{SODA15,
  author    = {J. Ouaknine and
               J. Sousa-Pinto and
               J. Worrell},
  title     = {On Termination of Integer Linear Loops},
  booktitle = {{SODA}},
  pages     = {957--969},
  publisher = {{SIAM}},
  year      = {2015},
}

@inproceedings{LICS16,
  author    = {J. Ouaknine and
               A. Pouly and
               J. Sousa-Pinto and
               J. Worrell},
  title     = {Solvability of Matrix-Exponential Equations},
  booktitle = {{LICS}},
  pages     = {798--806},
  publisher = {{ACM}},
  year      = {2016},
}

@inproceedings{HSCC17,
  author    = {J. Ouaknine and
               J. Sousa-Pinto and
               J. Worrell},
  title     = {On the Polytope Escape Problem for Continuous Linear Dynamical Systems},
  booktitle = {{HSCC}},
  pages     = {11--17},
  publisher = {{ACM}},
  year      = {2017},
}

@article{RS62,
  author    = {J. B. Rosser and L. Schoenfeld},
  title     = {Approximate Formulas for Some Functions of Prime Numbers},
  year      = {1962},
  journal   = {Illinois Journal of Mathematics},
  volume    = {6},
  number    = {1},
  pages     = {64--94},
}

@article{Savitch,
  author    = {W. J. Savitch},
  title     = {Relationships Between Nondeterministic and Deterministic Tape Complexities},
  year      = {1970},
  journal   = {Journal of Computer and System Sciences},
  volume    = {4},
  pages     = {177--192},
}

@inproceedings{GeneralisedCollatz,
  author    = {S. A. Kurtz and J. Simon},
  title     = {The Undecidability of the Generalized {C}ollatz Problem},
  booktitle = {{TAMC}},
  series    = {LNCS},
  volume    = {4484},
  pages     = {542--553},
  publisher = {Springer},
  year      = {2007},
}

